@article{chan2024situation,
  title={Situation aware dispatching system for semiconductor manufacturing},
  author={Chan, Chew Wye},
journal = {},
year={2024},
  publisher={Nanyang Technological University}
}

@article{dauzere2024flexible,
  title={The flexible job shop scheduling problem: A review},
  author={Dauz{\`e}re-P{\'e}r{\`e}s, St{\'e}phane and Ding, Junwen and Shen, Liji and Tamssaouet, Karim},
  journal={European Journal of Operational Research},
  volume={314},
  number={2},
  pages={409--432},
  year={2024},
  publisher={Elsevier}
}

@article{el2023hybrid,
  title={Hybrid ASP-based multi-objective scheduling of semiconductor manufacturing processes (Extended version)},
  author={El-Kholany, Mohammed and Ali, Ramsha and Gebser, Martin},
  journal={arXiv preprint arXiv:2307.14799},
  year={2023}
}

@article{fang2023problems,
  title={Problems and Solution Methods of Machine Scheduling in Semiconductor Manufacturing Operations: A Survey},
  author={Fang, Jianxin and Cheang, Brenda and Lim, Andrew},
  journal={Sustainability},
  volume={15},
  number={17},
  pages={13012},
  year={2023},
  publisher={MDPI}
}

@article{lei2022multi,
  title={A multi-action deep reinforcement learning framework for flexible Job-shop scheduling problem},
  author={Lei, Kun and Guo, Peng and Zhao, Wenchao and Wang, Yi and Qian, Linmao and Meng, Xiangyin and Tang, Liansheng},
  journal={Expert Systems with Applications},
  volume={205},
  pages={117796},
  year={2022},
  publisher={Elsevier}
}

@article{li2024modified,
  title={Modified ant colony algorithm for job shop scheduling problem},
  author={Li, Ye and Wang, Ning and Xu, Kun},
  journal={International Journal of Industrial and Systems Engineering},
  volume={46},
  number={4},
  pages={475--508},
  year={2024},
  publisher={Inderscience Publishers (IEL)}
}

@article{mamur2022future,
  title={Future perspective and current situation of maximum power point tracking methods in thermoelectric generators},
  author={Mamur, Hayati and {\"U}st{\"u}ner, Mehmet Ali and Bhuiyan, Mohammad Ruhul Amin},
  journal={Sustainable Energy Technologies and Assessments},
  volume={50},
  pages={101824},
  year={2022},
  publisher={Elsevier}
}

@article{nayar2021ant,
  title={Ant colony optimization: A review of literature and application in feature selection},
  author={Nayar, Nandini and Gautam, Shivani and Singh, Poonam and Mehta, Gaurav},
  journal={Inventive Computation and Information Technologies: Proceedings of ICICIT 2020},
  pages={285--297},
  year={2021},
  publisher={Springer}
}

@article{shao2010minimising,
  title={Minimising makespan for single burn-in oven scheduling problems using ACO+ DP approach},
  author={Shao, Hao and Chen, Hua-ping},
  journal={International Journal of Manufacturing Research},
  volume={5},
  number={3},
  pages={271--285},
  year={2010},
  publisher={Inderscience Publishers}
}

@article{skackauskas2022dynamic,
  title={Dynamic impact for ant colony optimization algorithm},
  author={Skackauskas, Jonas and Kalganova, Tatiana and Dear, Ian and Janakiram, Mani},
  journal={Swarm and Evolutionary Computation},
  volume={69},
  pages={100993},
  year={2022},
  publisher={Elsevier}
}

@inproceedings{wang2014hybrid,
  title={Hybrid estimation of distribution algorithm with multiple subpopulations for semiconductor manufacturing scheduling problem with limited waiting-time constraint},
  author={Wang, Hung-Kai and Chien, Chen-Fu and Gen, Mitsuo},
  booktitle={2014 IEEE International Conference on Automation Science and Engineering (CASE)},
  pages={101--106},
  year={2014},
  organization={IEEE}
}

@article{wang2021time,
  title={A time-sensitive network scheduling algorithm based on improved ant colony optimization},
  author={Wang, Yang and Chen, Jidong and Ning, Wei and Yu, Hao and Lin, Shimei and Wang, Zhidong and Pang, Guanshi and Chen, Chao},
  journal={Alexandria Engineering Journal},
  volume={60},
  number={1},
  pages={107--114},
  year={2021},
  publisher={Elsevier}
}

@article{zhang2020evolving,
  title={Evolving scheduling heuristics via genetic programming with feature selection in dynamic flexible job-shop scheduling},
  author={Zhang, Fangfang and Mei, Yi and Nguyen, Su and Zhang, Mengjie},
  journal={ieee transactions on cybernetics},
  volume={51},
  number={4},
  pages={1797--1811},
  year={2020},
  publisher={IEEE}
}

@article{zhou2022parameter,
  title={Parameter adaptation-based ant colony optimization with dynamic hybrid mechanism},
  author={Zhou, Xiangbing and Ma, Hongjiang and Gu, Jianggang and Chen, Huiling and Deng, Wu},
  journal={Engineering Applications of Artificial Intelligence},
  volume={114},
  pages={105139},
  year={2022},
  publisher={Elsevier}
}

@article{rajan2015investigation,
  title={Investigation on bio-inspired population based metaheuristic algorithms for optimization problems in ad hoc networks},
  author={Rajan, C and Geetha, K and Priya, C Rasi and Sasikala, R},
  journal={International Journal of Mathematical, Computational, Physical, Electrical and Computer Engineering},
  volume={9},
  number={3},
  pages={163--170},
  year={2015}
}

@article{zhang2022novel,
  title={A novel heuristic method for the energy-efficient flexible job-shop scheduling problem with sequence-dependent set-up and transportation time},
  author={Zhang, Hongliang and Xu, Gongjie and Pan, Ruilin and Ge, Haijiang},
  journal={Engineering Optimization},
  volume={54},
  number={10},
  pages={1646--1667},
  year={2022},
  publisher={Taylor \& Francis}
}